@software {hashcat,
  title = {Hashcat},
  author = {Jens 'atom' Steube and Gabriele 'matrix' and Gristina},
  year = {2015},
  license = {MIT license},
  url = {https://hashcat.net/},
  abstract = {hashcat is the world's fastest and most advanced password recovery utility, supporting five unique modes of attack for over 300 highly-optimized hashing algorithms.},
  repository= {https://github.com/hashcat/hashcat},
}

@software {cupp,
  title = {CUPP - Common User Passwords Profiler},
  author = {Muris Kurgas},
  year = {2018},
  license = {GNU General Public License},
  repository= {https://github.com/Mebus/cupp},
}

@software {corporate_masks,
  title = {Corporate Masks},
  author = {golem445},
  year = {2020},
  repository= {https://github.com/golem445/Corporate_Masks},
}

@software {extreme_breach_masks,
  title = {Extreme Breach Masks},
  author = {Sean T Smith},
  year = {2022},
  repository= {https://github.com/sean-t-smith/Extreme_Breach_Masks},
}

@online{weakpass4,
  author =       "nyxgeek",
  year =         "2025",
  title =        "Weakpass 4",
  url =          "https://weakpass.com/wordlists/weakpass_4.txt",
  lastaccessed = "February 2, 2025",
}

@software {optuna,
  title = {Optuna},
  author = {Multiple contributors},
  year = {2023},
  repository= {https://github.com/optuna/optuna},
}